<?xml version="1.0" encoding="UTF-8"?><collection xmlns="http://www.loc.gov/MARC21/slim"><record><leader>00378nam--2200121-i-4500</leader><controlfield tag="001">000015644</controlfield><controlfield tag="002">20161230</controlfield><controlfield tag="005">20161230201031</controlfield><controlfield tag="008">060222s1000------------r-----000-0-eng-d</controlfield><datafield ind1=" " ind2=" " tag="080"><subfield code="a">621.375.826:533.9(061.3)</subfield></datafield><datafield ind1=" " ind2=" " tag="245"><subfield code="a">Atti del iv congresso nazionale di electronica quantistica e plasmi. capri, 21-24 maggio 1984 vol. i : plasmi</subfield></datafield><datafield ind1=" " ind2=" " tag="260"><subfield code="a">Roma, Enea, 1984. 292 P</subfield></datafield><datafield ind1=" " ind2=" " tag="852"><subfield code="a">73279</subfield></datafield></record></collection>